
@article{solmon2021,
	title = {Physical Education and Sport Pedagogy: The Application of the Academic Discipline of Kinesiology},
	author = {{Solmon}, {Melinda A.}},
	year = {2021},
	month = {07},
	date = {2021-07-01},
	journal = {Kinesiology Review},
	pages = {331--338},
	volume = {10},
	number = {3},
	doi = {10.1123/kr.2021-0026},
	url = {https://journals.humankinetics.com/view/journals/krj/10/3/article-p331.xml},
	note = {Publisher: Human Kinetics
Section: Kinesiology Review},
	langid = {en}
}

@article{solmon2021a,
	title = {Physical Education and Sport Pedagogy: The Application of the Academic Discipline of Kinesiology},
	author = {{Solmon}, {Melinda A.}},
	year = {2021},
	month = {07},
	date = {2021-07-01},
	journal = {Kinesiology Review},
	pages = {331--338},
	volume = {10},
	number = {3},
	doi = {10.1123/kr.2021-0026},
	url = {https://journals.humankinetics.com/view/journals/krj/10/3/article-p331.xml},
	note = {Publisher: Human Kinetics
Section: Kinesiology Review},
	langid = {en}
}

@article{solmon2021c,
	title = {Physical Education and Sport Pedagogy: The Application of the Academic Discipline of Kinesiology},
	author = {{Solmon}, {Melinda A.}},
	year = {2021},
	month = {07},
	date = {2021-07-01},
	journal = {Kinesiology Review},
	pages = {331--338},
	volume = {10},
	number = {3},
	doi = {10.1123/kr.2021-0026},
	url = {https://journals.humankinetics.com/view/journals/krj/10/3/article-p331.xml},
	note = {Publisher: Human Kinetics
Section: Kinesiology Review},
	langid = {en}
}

@misc{iosbeta,
	title = {ios beta [Zotero Documentation]},
	url = {https://www.zotero.org/support/ios_beta}
}

@article{angulo-barroso2017,
	title = {Implicit learning and emotional responses in nine-month-old infants},
	author = {{Angulo-Barroso}, {Rosa M.} and {Peci√±a}, {Susana} and {Lin}, {Xu} and {Li}, {Mingyan} and {Sturza}, {Julia} and {Shao}, {Jie} and {Lozoff}, {Betsy}},
	year = {2017},
	month = {07},
	date = {2017-07-04},
	journal = {Cognition and Emotion},
	pages = {1031--1040},
	volume = {31},
	number = {5},
	doi = {10.1080/02699931.2016.1179624},
	url = {https://doi.org/10.1080/02699931.2016.1179624},
	note = {Publisher: Routledge
{\_}eprint: https://doi.org/10.1080/02699931.2016.1179624
PMID: 27145099}
}

@article{Furtado2018,
	title = {Expert-Rater Agreement and Inter-/Intrarater Reliability for the Furtado{\textendash}Gallagher Computerized Observational Movement Pattern Assessment System},
	author = {{Furtado}, {Ovande} and {Gallagher}, {Jere D.}},
	year = {2018},
	month = {04},
	date = {2018-04-17},
	journal = {Perceptual and Motor Skills},
	pages = {003151251876920},
	doi = {10.1177/0031512518769205},
	url = {http://dx.doi.org/10.1177/0031512518769205},
	langid = {en}
}

@book{daniellenvarro2019,
	title = {Learning statistics with jamovi: a tutorial for psychology students and other beginners.},
	author = {{Danielle Nvarro}, {} and {David Foxcroft}, {}},
	year = {2019},
	date = {2019},
	url = {http://learnstatswithjamovi.com/},
	langid = {English}
}
