
@misc{rivkadevries,
	title = {Sampling distribution of the z statistic - one sample z test},
	author = {Rivka deVries, },
	url = {https://statkat.com/sampling-distribution/one-sample-z-test/z.php}
}
