@book{wickham2016r,
  title={R for Data Science: Import, Tidy, Transform, Visualize, and Model Data},
  author={Wickham, H. and Grolemund, G.},
  year={2016},
  publisher={O'Reilly Media}
}